<?xml version="1.0" encoding="UTF-8"?><collection xmlns="http://www.loc.gov/MARC21/slim"><record><leader>00493nam--2200145-i-4500</leader><controlfield tag="001">000032945</controlfield><controlfield tag="002">20161230</controlfield><controlfield tag="005">20161230201039</controlfield><controlfield tag="008">060222s1000------------r-----000-0-eng-d</controlfield><datafield ind1=" " ind2=" " tag="080"><subfield code="a">621.313.004.12:621.57</subfield></datafield><datafield ind1=" " ind2=" " tag="100"><subfield code="a">Marinescu, M., Moraru A</subfield></datafield><datafield ind1=" " ind2=" " tag="245"><subfield code="a">Motorul electric liniar si aplicatia la agregate de racire</subfield></datafield><datafield ind1=" " ind2=" " tag="260"><subfield code="a">Bucuresti, Consiliul National Al Inginerilor Si Tehnicienilor, 1969, 12p</subfield></datafield><datafield ind1=" " ind2=" " tag="490"><subfield code="a">A Doua Conferinta A Electricienilor. I. Sectia Masini Electrice</subfield></datafield><datafield ind1=" " ind2=" " tag="852"><subfield code="a">31582</subfield></datafield></record></collection>